@inproceedings{rabinovich-etal-2016-similarities,
                title = "On the Similarities Between Native, Non-native and Translated Texts",
                author = "Rabinovich, Ella  and Nisioi, Sergiu and Ordan, Noam  and Wintner, Shuly",
                booktitle = "Proceedings of the 54th Annual Meeting of the Association for Computational Linguistics (Volume 1: Long Papers)",
                month = "August",
                year = "2016",
                address = "Berlin, Germany",
                publisher = "Association for Computational Linguistics",
                url = "https://www.aclweb.org/anthology/P16-1176",
                doi = "10.18653/v1/P16-1176",
                pages = "1870--1881"}

@article{ella-cognates,
        author = "Rabinovich, Ella and Tsvetkov, Yulia and Wintner, Shuly",
        title = "Native Language Cognate Effects on Second Language Lexical Choice",
        journal = "Transactions of the Association for Computational Linguistics",
        volume = "6",
        pages = "329--342",
        year = "2018"}
        
@article{   rabinovich2019codeswitch,
            title={Codeswitch-reddit: Exploration of written multilingual discourse in online discussion forums},
            author={Rabinovich, Ella and Sultani, Masih and Stevenson, Suzanne},
            journal={arXiv preprint arXiv:1908.11841},
            year={2019} }

@inproceedings{ goldin2018native,
                title={Native language identification with user generated content},
                author={Goldin, Gili and Rabinovich, Ella and Wintner, Shuly},
                booktitle={Proceedings of the 2018 Conference on Empirical Methods in Natural Language Processing},
                pages={3591--3601},
                year={2018} }
                
@inproceedings{ tetreault2013report,
                title={A report on the first native language identification shared task},
                author={Tetreault, Joel and Blanchard, Daniel and Cahill, Aoife},
                booktitle={Proceedings of the eighth workshop on innovative use of NLP for building educational applications},
                pages={48--57},
                year={2013} }
                
@article{mosteller1963inference,
        title={Inference in an authorship problem: A comparative study of discrimination methods applied to the authorship of the disputed Federalist Papers},
        author={Mosteller, Frederick and Wallace, David L},
        journal={Journal of the American Statistical Association},
        volume={58},
        number={302},
        pages={275--309},
        year={1963},
        publisher={Taylor \& Francis Group} }
        
@article{pennebaker2001linguistic,
        title={Linguistic inquiry and word count: LIWC 2001},
        author={Pennebaker, James W and Francis, Martha E and Booth, Roger J},
        journal={Mahway: Lawrence Erlbaum Associates},
        volume={71},
        number={2001},
        pages={2001},
        year={2001} }
        
@inproceedings{ koppel2011translationese,
                title={Translationese and its dialects},
                author={Koppel, Moshe and Ordan, Noam},
                booktitle={Proceedings of the 49th Annual Meeting of the Association for Computational Linguistics: Human Language Technologies},
                pages={1318--1326},
                year={2011} }
             
             
